@misc{doebert:corr,
	author = {Doebert, S.},
	howpublished = {private correspondence},
	year = {2017}
}

